@string{amst="The American Statistician"}
@string{annals="Annals of Statistics"}
@string{oannals="Annals of Mathematical Statistics"}
@string{annalsinst="Annals of the Institute of Statistical
                      Mathematics"}
@string{biomk="Biometrika"}
@string{calbul="Calcutta Statistical Association Bulletin"}
@string{jasa="Journal of the American Statistical Association"}
@string{jrssb="Journal of the Royal Statistical Society, Series B"}
@string{jspi="Journal of Statistical Planning and Inference"}
@string{sankB="Sankhy\={a} B"}
@string{sankA="Sankhy\={a} A"}
@string{stdec="Statistics and Decisions"}
@string{commstat="Communications in Statistics"}
@string{surmeth="Survey Methodology"}
@string{jedstat="Journal of Educational Statistics"}
@string{apps="Applied Statistics"}
@string{cjs="Canadian Journal of Statistics"}

@article{Lo88,
Author = "Lo, Albert",
TITLE  = "A {B}ayesian Bootstrap for a finite population",
JOURNAL = annals,
VOLUME = "16",
PAGES = "1684--1695",
YEAR = "1988"}

@article{rub81,
Author = "Rubin, Donald",
TITLE = "The {B}ayesian bootstrap",
JOURNAL = annals,
VOLUME = "9",
PAGES = "130--134",
YEAR = "1981"}

@book{ghomee97,
AUTHOR   = "Ghosh, Malay and Meeden, Glen",
TITLE    = "Bayesian Methods for Finite Population Sampling",
PUBLISHER  = "Chapman and Hall",
YEAR     = "1997",
address = {London}      }

@book{fel68,
        AUTHOR   = "Feller, William",
        TITLE    = "An Introduction to Probability Theory
                         and its Applications, volume I",
        PUBLISHER  = {Wiley},
        YEAR     = 1968,
        ADDRESS = {New York} }

@article{smi84,
Author = "Smith, R. L.", 
TITLE = "Efficient {M}onte {C}arlo procedures for generating points 
    unifromly distributed over bounded regions",
JOURNAL = "Operations Research",
VOLUME = "32",
PAGES = "1296--1308",
YEAR = "1984"}

@article{mee99,
Author = "Meeden, G.",
TITLE = "Interval estimators for the population mean for skewed
          distributions with a small sample size",
JOURNAL = "Journal of Applied Statistics",
VOLUME = "26",
PAGES = "81--96",
YEAR = "1999"}



@article{l-m-n05,
Author="Lazar, R. and Meeden, G. and Nelson, D.",
TITLe="A noninformative {B}ayesian approach to finite population
       sampling using auxiliary variables",
JOURNAL = "Survey Methodology",
PAGES = "51--64",
year="2008"}
